<record><leader>00000cas a22000007a 4500</leader><controlfield tag="001">12306703</controlfield><controlfield tag="008">850725d19281931iauwr ne      0    0eng d</controlfield><datafield ind1=" " ind2=" " tag="010"><subfield code="a">sn 85050852 </subfield></datafield><datafield ind1=" " ind2=" " tag="040"><subfield code="a">INP</subfield><subfield code="b">eng</subfield><subfield code="c">INP</subfield><subfield code="d">OCLCQ</subfield></datafield><datafield ind1=" " ind2=" " tag="042"><subfield code="a">msc</subfield></datafield><datafield ind1="0" ind2="4" tag="245"><subfield code="a">The "C" press.</subfield></datafield><datafield ind1="1" ind2="7" tag="246"><subfield code="a">Olin recorder, Olin, Iowa</subfield><subfield code="f">June 28-Sept. 27, 1928</subfield></datafield><datafield ind1=" " ind2=" " tag="260"><subfield code="a">Olin, Iowa :</subfield><subfield code="b">Walther F. Carstens,</subfield><subfield code="c">1928-</subfield></datafield><datafield ind1=" " ind2=" " tag="300"><subfield code="a">v. :</subfield><subfield code="b">ill.</subfield></datafield><datafield ind1=" " ind2=" " tag="310"><subfield code="a">Weekly</subfield></datafield><datafield ind1="0" ind2=" " tag="362"><subfield code="a">June 28, 1928-</subfield></datafield><datafield ind1="1" ind2=" " tag="362"><subfield code="a">Ceased Nov. 26, 1931.</subfield><subfield code="z">Cf. Olin recorder (Olin, Iowa : 1931), Dec. 3, 1931.</subfield></datafield><datafield ind1=" " ind2=" " tag="752"><subfield code="a">United States</subfield><subfield code="b">Iowa</subfield><subfield code="c">Jones</subfield><subfield code="d">Olin.</subfield></datafield><datafield ind1="0" ind2="0" tag="780"><subfield code="t">Olin recorder (Olin, Iowa : 1880)</subfield><subfield code="w">(DLC)sn 85050851</subfield></datafield><datafield ind1="0" ind2="0" tag="785"><subfield code="t">Olin recorder (Olin, Iowa : 1931)</subfield><subfield code="w">(DLC)sn 85050853</subfield></datafield></record>